
@unpublished{blau_symplectic_1992,
	type = {Lecture {Notes}},
	title = {Symplectic {Geometry} and {Geometric} {Quantization}},
	language = {en},
	author = {Blau, Matthias},
	year = {1992},
	file = {Blau_1992_Symplectic Geometry and Geometric Quantization.pdf:C\:\\Users\\Gabriel\\Zotero\\storage\\XT6WTPID\\Blau_1992_Symplectic Geometry and Geometric Quantization.pdf:application/pdf}
}

@incollection{abreu_kahler_2003,
	series = {Fields {Inst}. {Commun}.},
	title = {Kähler geometry of toric manifolds in symplectic coordinates},
	volume = {35},
	booktitle = {Symplectic and contact topology: interactions and perspectives ({Toronto}, {ON}/{Montreal}, {QC}, 2001)},
	publisher = {Amer. Math. Soc., Providence, RI},
	author = {Abreu, Miguel},
	year = {2003},
	mrnumber = {1969265},
	pages = {1--24}
}

@article{azuma_explicit_1994,
	title = {Explicit relation of the quantum {Hall} effect and the {Calogero}-{Sutherland} model},
	volume = {331},
	issn = {0370-2693},
	url = {http://www.sciencedirect.com/science/article/pii/0370269394909490},
	doi = {https://doi.org/10.1016/0370-2693(94)90949-0},
	abstract = {The explicit relation between the Laughlin state of the quantum Hall effect and the one-dimensional (1D) model with long-ranged interaction (1/r2) is discussed. By rewriting the lowest Landau level wave functions in terms of the 1D representation, the Laughlin state can be written as a deformation of the ground state of the Calogero-Sutherland model. Corresponding to the Laughlin state on different geometries, different types of 1D 1/r2 interaction models are derived.},
	number = {1},
	journal = {Phys. Lett. B},
	author = {Azuma, Hiroo and Iso, Satoshi},
	year = {1994},
	pages = {107 -- 113}
}

@article{baier_toric_2011,
	title = {Toric {Kähler} metrics seen from infinity, quantization and compact tropical amoebas},
	volume = {89},
	issn = {0022-040X},
	url = {http://projecteuclid.org/euclid.jdg/1335207374},
	number = {3},
	journal = {J. Differential Geom.},
	author = {Baier, Thomas and Florentino, Carlos and Mourão, José M. and Nunes, João P.},
	year = {2011},
	mrnumber = {2879247},
	pages = {411--454}
}

@book{do_carmo_riemannian_1992,
	series = {Mathematics: {Theory} \& {Applications}},
	title = {Riemannian geometry},
	isbn = {0-8176-3490-8},
	url = {https://doi.org/10.1007/978-1-4757-2201-7},
	publisher = {Birkhäuser Boston, Inc., Boston, MA},
	author = {do Carmo, Manfredo Perdigão},
	year = {1992},
	mrnumber = {1138207},
	doi = {10.1007/978-1-4757-2201-7}
}

@book{conway_course_1990,
	edition = {2},
	series = {Graduate {Texts} in {Mathematics}},
	title = {A course in functional analysis},
	volume = {96},
	isbn = {0-387-97245-5},
	publisher = {Springer-Verlag, New York},
	author = {Conway, John B.},
	year = {1990},
	mrnumber = {1070713}
}

@article{delzant_hamiltoniens_1988,
	title = {Hamiltoniens périodiques et images convexes de l'application moment},
	volume = {116},
	issn = {0037-9484},
	url = {http://www.numdam.org/item?id=BSMF_1988__116_3_315_0},
	number = {3},
	journal = {Bull. Soc. Math. France},
	author = {Delzant, Thomas},
	year = {1988},
	mrnumber = {984900},
	pages = {315--339}
}

@incollection{donaldson_symmetric_1999,
	series = {Amer. {Math}. {Soc}. {Transl}. {Ser}. 2},
	title = {Symmetric spaces, {Kähler} geometry and {Hamiltonian} dynamics},
	volume = {196},
	url = {https://doi.org/10.1090/trans2/196/02},
	booktitle = {Northern {California} {Symplectic} {Geometry} {Seminar}},
	publisher = {Amer. Math. Soc., Providence, RI},
	author = {Donaldson, Simon K.},
	year = {1999},
	mrnumber = {1736211},
	doi = {10.1090/trans2/196/02},
	pages = {13--33}
}

@incollection{englis_excursion_2016,
	series = {Oper. {Theory} {Adv}. {Appl}.},
	title = {An excursion into {Berezin}-{Toeplitz} quantization and related topics},
	volume = {251},
	url = {https://doi.org/10.1007/978-3-319-22407-7_2},
	booktitle = {Quantization, {PDEs}, and geometry},
	publisher = {Birkhäuser/Springer, Cham},
	author = {Engliš, Miroslav},
	year = {2016},
	mrnumber = {3494849},
	doi = {10.1007/978-3-319-22407-7_2},
	pages = {69--115}
}

@article{gromov_investigating_2017,
	title = {Investigating {Anisotropic} {Quantum} {Hall} {States} with {Bimetric} {Geometry}},
	volume = {119},
	url = {https://link.aps.org/doi/10.1103/PhysRevLett.119.146602},
	doi = {10.1103/PhysRevLett.119.146602},
	number = {14},
	journal = {Phys. Rev. Lett.},
	author = {Gromov, Andrey and Geraedts, Scott D. and Bradlyn, Barry},
	month = oct,
	year = {2017},
	pages = {146602}
}

@incollection{groebner_general_1967,
	title = {General theory of the {Lie} series},
	booktitle = {Contributions to the {Method} of {Lie} {Series}, {Chapter} {I}},
	publisher = {Bibliographisches Institut, Mannheim},
	author = {Groebner, Wolfgang},
	year = {1967},
	mrnumber = {0247388},
	pages = {1--42}
}

@book{godinho_introduction_2014,
	series = {Universitext},
	title = {An introduction to {Riemannian} geometry},
	isbn = {978-3-319-08665-1 978-3-319-08666-8},
	url = {https://doi.org/10.1007/978-3-319-08666-8},
	publisher = {Springer, Cham},
	author = {Godinho, Leonor and Natário, José},
	year = {2014},
	mrnumber = {3289090},
	doi = {10.1007/978-3-319-08666-8},
	file = {Godinho and Natário - 2014 - An Introduction to Riemannian Geometry.pdf:C\:\\Users\\Gabriel\\Zotero\\storage\\FNXWWI4A\\Godinho and Natário - 2014 - An Introduction to Riemannian Geometry.pdf:application/pdf}
}

@article{gromov_geometric_2016,
	title = {Geometric defects in quantum {Hall} states},
	volume = {94},
	url = {https://link.aps.org/doi/10.1103/PhysRevB.94.085116},
	doi = {10.1103/PhysRevB.94.085116},
	number = {8},
	journal = {Phys. Rev. B},
	author = {Gromov, Andrey},
	month = aug,
	year = {2016},
	pages = {085116}
}

@article{gromov_bimetric_2017,
	title = {Bimetric {Theory} of {Fractional} {Quantum} {Hall} {States}},
	volume = {7},
	url = {https://link.aps.org/doi/10.1103/PhysRevX.7.041032},
	doi = {10.1103/PhysRevX.7.041032},
	number = {4},
	journal = {Phys. Rev. X},
	author = {Gromov, Andrey and Son, Dam T.},
	month = nov,
	year = {2017},
	pages = {041032}
}

@book{griffiths_introduction_2018,
	edition = {3},
	title = {Introduction to {Quantum} {Mechanics}},
	publisher = {Cambridge University Press},
	author = {Griffiths, David J. and Schroeter, Darrell F.},
	year = {2018},
	doi = {10.1017/9781316995433}
}

@article{haldane_fractional_1983,
	title = {Fractional {Quantization} of the {Hall} {Effect}: {A} {Hierarchy} of {Incompressible} {Quantum} {Fluid} {States}},
	volume = {51},
	url = {https://link.aps.org/doi/10.1103/PhysRevLett.51.605},
	doi = {10.1103/PhysRevLett.51.605},
	number = {7},
	journal = {Phys. Rev. Lett.},
	author = {Haldane, F. D. M.},
	month = aug,
	year = {1983},
	pages = {605--608}
}

@article{haldane_geometrical_2011,
	title = {Geometrical {Description} of the {Fractional} {Quantum} {Hall} {Effect}},
	volume = {107},
	url = {https://link.aps.org/doi/10.1103/PhysRevLett.107.116801},
	doi = {10.1103/PhysRevLett.107.116801},
	number = {11},
	journal = {Phys. Rev. Lett.},
	author = {Haldane, F. D. M.},
	month = sep,
	year = {2011},
	pages = {116801}
}

@book{hall_quantum_2013,
	series = {Graduate {Texts} in {Mathematics}},
	title = {Quantum theory for mathematicians},
	volume = {267},
	isbn = {978-1-4614-7115-8 978-1-4614-7116-5},
	url = {https://doi.org/10.1007/978-1-4614-7116-5},
	publisher = {Springer, New York},
	author = {Hall, Brian C.},
	year = {2013},
	mrnumber = {3112817},
	doi = {10.1007/978-1-4614-7116-5}
}

@article{haldane_periodic_1985,
	title = {Periodic {Laughlin}-{Jastrow} wave functions for the fractional quantized {Hall} effect},
	volume = {31},
	url = {https://link.aps.org/doi/10.1103/PhysRevB.31.2529},
	doi = {10.1103/PhysRevB.31.2529},
	number = {4},
	journal = {Phys. Rev. B},
	author = {Haldane, F. D. M. and Rezayi, E. H.},
	month = feb,
	year = {1985},
	pages = {2529--2531}
}

@book{huybrechts_complex_2005,
	series = {Universitext},
	title = {Complex geometry},
	isbn = {3-540-21290-6},
	publisher = {Springer-Verlag, Berlin},
	author = {Huybrechts, Daniel},
	year = {2005},
	mrnumber = {2093043}
}

@book{isham_modern_1999,
	edition = {2},
	series = {World {Scientific} {Lecture} {Notes} in {Physics}},
	title = {Modern differential geometry for physicists},
	volume = {61},
	isbn = {981-02-3555-0},
	url = {https://doi.org/10.1142/3867},
	publisher = {World Scientific Publishing Co., Inc., River Edge, NJ},
	author = {Isham, Chris J.},
	year = {1999},
	mrnumber = {1698234},
	doi = {10.1142/3867}
}

@book{jain_composite_2007,
	title = {Composite {Fermions}},
	publisher = {Cambridge University Press},
	author = {Jain, Jainendra K.},
	year = {2007},
	doi = {10.1017/CBO9780511607561}
}

@article{johri_probing_2016,
	title = {Probing the geometry of the {Laughlin} state},
	volume = {18},
	url = {https://doi.org/10.1088%2F1367-2630%2F18%2F2%2F025011},
	doi = {10.1088/1367-2630/18/2/025011},
	abstract = {It has recently been pointed out that phases of matter with intrinsic topological order, like the fractional quantum Hall states, have an extra dynamical degree of freedom that corresponds to quantum geometry. Here we perform extensive numerical studies of the geometric degree of freedom for the simplest example of fractional quantum Hall states—the filling Laughlin state. We perturb the system by a smooth, spatially dependent metric deformation and measure the response of the Hall fluid, finding it to be proportional to the Gaussian curvature of the metric. Further, we generalize the concept of coherent states to formulate the bulk off-diagonal long range order for the Laughlin state, and compute the deformations of the metric in the vicinity of the edge of the system. We introduce a ‘pair amplitude’ operator and show that it can be used to numerically determine the intrinsic metric of the Laughlin state. These various probes are applied to several experimentally relevant settings that can expose the quantum geometry of the Laughlin state, in particular to systems with mass anisotropy and in the presence of an electric field gradient.},
	number = {2},
	journal = {New J. Phys.},
	author = {Johri, Sonika and Papić, Z. and Schmitteckert, P. and Bhatt, R. N. and Haldane, F. D. M.},
	month = feb,
	year = {2016},
	pages = {025011}
}

@article{klitzing_new_1980,
	title = {New {Method} for {High}-{Accuracy} {Determination} of the {Fine}-{Structure} {Constant} {Based} on {Quantized} {Hall} {Resistance}},
	volume = {45},
	url = {https://link.aps.org/doi/10.1103/PhysRevLett.45.494},
	doi = {10.1103/PhysRevLett.45.494},
	number = {6},
	journal = {Phys. Rev. Lett.},
	author = {Klitzing, K. v. and Dorda, G. and Pepper, M.},
	month = aug,
	year = {1980},
	pages = {494--497}
}

@article{klevtsov_laughlin_2019,
	title = {Laughlin states on higher genus {Riemann} surfaces},
	volume = {367},
	issn = {0010-3616},
	url = {https://doi.org/10.1007/s00220-019-03318-6},
	doi = {10.1007/s00220-019-03318-6},
	number = {3},
	journal = {Comm. Math. Phys.},
	author = {Klevtsov, Semyon},
	year = {2019},
	mrnumber = {3943483},
	pages = {837--871}
}

@article{klevtsov_quantum_2017,
	title = {Quantum {Hall} effect and {Quillen} metric},
	volume = {349},
	issn = {0010-3616},
	url = {https://doi.org/10.1007/s00220-016-2789-2},
	doi = {10.1007/s00220-016-2789-2},
	number = {3},
	journal = {Comm. Math. Phys.},
	author = {Klevtsov, Semyon and Ma, Xiaonan and Marinescu, George and Wiegmann, Paul},
	year = {2017},
	mrnumber = {3602817},
	pages = {819--855}
}

@article{kirwin_complex_2013,
	title = {Complex time evolution in geometric quantization and generalized coherent state transforms},
	volume = {265},
	issn = {0022-1236},
	url = {https://doi.org/10.1016/j.jfa.2013.06.021},
	doi = {10.1016/j.jfa.2013.06.021},
	number = {8},
	journal = {J. Funct. Anal.},
	author = {Kirwin, William D. and Mourão, José M. and Nunes, João P.},
	year = {2013},
	mrnumber = {3079226},
	pages = {1460--1493}
}

@book{kobayashi_foundations_1963,
	title = {Foundations of differential geometry. {Vol} {I}},
	publisher = {Interscience Publishers, a division of John Wiley \& Sons, New York-London},
	author = {Kobayashi, Shoshichi and Nomizu, Katsumi},
	year = {1963},
	mrnumber = {0152974}
}

@book{kobayashi_differential_1987,
	series = {Publications of the {Mathematical} {Society} of {Japan}},
	title = {Differential geometry of complex vector bundles},
	volume = {15},
	isbn = {0-691-08467-X},
	url = {https://doi.org/10.1515/9781400858682},
	publisher = {Princeton University Press, Princeton, NJ; Princeton University Press, Princeton, NJ},
	author = {Kobayashi, Shoshichi},
	year = {1987},
	mrnumber = {909698},
	doi = {10.1515/9781400858682}
}

@article{laughlin_anomalous_1983,
	title = {Anomalous {Quantum} {Hall} {Effect}: {An} {Incompressible} {Quantum} {Fluid} with {Fractionally} {Charged} {Excitations}},
	volume = {50},
	url = {https://link.aps.org/doi/10.1103/PhysRevLett.50.1395},
	doi = {10.1103/PhysRevLett.50.1395},
	number = {18},
	journal = {Phys. Rev. Lett.},
	author = {Laughlin, R. B.},
	month = may,
	year = {1983},
	pages = {1395--1398}
}

@article{liu_geometric_2018,
	title = {Geometric quench and nonequilibrium dynamics of fractional quantum {Hall} states},
	volume = {98},
	url = {https://link.aps.org/doi/10.1103/PhysRevB.98.155140},
	doi = {10.1103/PhysRevB.98.155140},
	number = {15},
	journal = {Phys. Rev. B},
	author = {Liu, Zhao and Gromov, Andrey and Papić, Zlatko},
	month = oct,
	year = {2018},
	pages = {155140}
}

@article{mourao_complexified_2015,
	title = {On complexified analytic {Hamiltonian} flows and geodesics on the space of {Kähler} metrics},
	issn = {1073-7928},
	url = {https://doi.org/10.1093/imrn/rnv004},
	doi = {10.1093/imrn/rnv004},
	number = {20},
	journal = {Int. Math. Res. Not. IMRN},
	author = {Mourão, José M. and Nunes, João P.},
	year = {2015},
	mrnumber = {3455877},
	pages = {10624--10656},
	file = {Mourão_Nunes_2015_On Complexified Analytic Hamiltonian Flows and Geodesics on the Space of Kähler.pdf:C\:\\Users\\Gabriel\\Zotero\\storage\\892QP8KT\\Mourão_Nunes_2015_On Complexified Analytic Hamiltonian Flows and Geodesics on the Space of Kähler.pdf:application/pdf}
}

@article{moore_nonabelions_1991,
	title = {Nonabelions in the fractional quantum hall effect},
	volume = {360},
	issn = {0550-3213},
	url = {http://www.sciencedirect.com/science/article/pii/055032139190407O},
	doi = {https://doi.org/10.1016/0550-3213(91)90407-O},
	abstract = {Applications of conformal field theory to the theory of fractional quantum Hall systems are discussed. In particular, Laughlin's wave function and its cousins are interpreted as conformal blocks in certain rational conformal field theories. Using this point of view a hamiltonian is constructed for electrons for which the ground state is known exactly and whose quasihole excitations have nonabelian statistics; we term these objects “nonabelions”. It is argued that universality classes of fractional quantum Hall systems can be characterized by the quantum numbers and statistics of their excitations. The relation between the order parameter in the fractional quantum Hall effect and the chiral algebra in rational conformal field theory is stressed, and new order parameters for several states are given.},
	number = {2},
	journal = {Nucl. Phys. B.},
	author = {Moore, Gregory and Read, Nicholas},
	year = {1991},
	pages = {362 -- 396}
}

@article{newlander_complex_1957,
	title = {Complex analytic coordinates in almost complex manifolds},
	volume = {65},
	issn = {0003-486X},
	url = {https://doi.org/10.2307/1970051},
	doi = {10.2307/1970051},
	journal = {Ann. of Math. (2)},
	author = {Newlander, A. and Nirenberg, L.},
	year = {1957},
	mrnumber = {0088770},
	pages = {391--404}
}

@book{nash_topology_1983,
	title = {Topology and geometry for physicists},
	isbn = {0-12-514080-0},
	publisher = {Academic Press, Inc. [Harcourt Brace Jovanovich, Publishers], London},
	author = {Nash, Charles and Sen, Siddhartha},
	year = {1983},
	mrnumber = {776042}
}

@article{qiu_model_2012,
	title = {Model anisotropic quantum {Hall} states},
	volume = {85},
	url = {https://link.aps.org/doi/10.1103/PhysRevB.85.115308},
	doi = {10.1103/PhysRevB.85.115308},
	number = {11},
	journal = {Phys. Rev. B},
	author = {Qiu, R.-Z. and Haldane, F. D. M. and Wan, Xin and Yang, Kun and Yi, Su},
	month = mar,
	year = {2012},
	pages = {115308}
}

@book{cannas_da_silva_lectures_2001,
	series = {Lecture {Notes} in {Mathematics}},
	title = {Lectures on symplectic geometry},
	volume = {1764},
	isbn = {3-540-42195-5},
	url = {https://doi.org/10.1007/978-3-540-45330-7},
	publisher = {Springer-Verlag, Berlin},
	author = {Cannas da Silva, Ana},
	year = {2001},
	mrnumber = {1853077},
	doi = {10.1007/978-3-540-45330-7}
}

@article{tejero_prieto_holomorphic_2006,
	title = {Holomorphic spectral geometry of magnetic {Schrödinger} operators on {Riemann} surfaces},
	volume = {24},
	issn = {0926-2245},
	url = {https://doi.org/10.1016/j.difgeo.2005.09.001},
	doi = {10.1016/j.difgeo.2005.09.001},
	number = {3},
	journal = {Differential Geom. Appl.},
	author = {Tejero Prieto, Carlos},
	year = {2006},
	mrnumber = {2216942},
	pages = {288--310}
}

@article{tsui_two-dimensional_1982,
	title = {Two-{Dimensional} {Magnetotransport} in the {Extreme} {Quantum} {Limit}},
	volume = {48},
	url = {https://link.aps.org/doi/10.1103/PhysRevLett.48.1559},
	doi = {10.1103/PhysRevLett.48.1559},
	number = {22},
	journal = {Phys. Rev. Lett.},
	author = {Tsui, D. C. and Stormer, H. L. and Gossard, A. C.},
	month = may,
	year = {1982},
	pages = {1559--1562}
}

@book{woodhouse_geometric_1992,
	edition = {2},
	series = {Oxford {Mathematical} {Monographs}},
	title = {Geometric quantization},
	isbn = {0-19-853673-9},
	publisher = {The Clarendon Press, Oxford University Press, New York},
	author = {Woodhouse, Nicholas M. J.},
	year = {1992},
	mrnumber = {1183739}
}

@article{yang_three-body_2018,
	title = {Three-body interactions in generic fractional quantum {Hall} systems and impact of {Galilean} invariance breaking},
	volume = {98},
	url = {https://link.aps.org/doi/10.1103/PhysRevB.98.201101},
	doi = {10.1103/PhysRevB.98.201101},
	number = {20},
	journal = {Phys. Rev. B},
	author = {Yang, Bo},
	month = nov,
	year = {2018},
	pages = {201101}
}

@book{yoshioka_quantum_2002,
	edition = {1},
	series = {Springer {Series} in {Solid}-{State} {Sciences}},
	title = {The {Quantum} {Hall} {Effect}},
	volume = {133},
	isbn = {978-3-662-05016-3},
	publisher = {Springer-Verlag Berlin Heidelberg},
	author = {Yoshioka, Daijiro},
	year = {2002},
	doi = {10.1142/3867}
}

@article{ferrari_fqhe_2014,
	title = {{FQHE} on curved backgrounds, free fields and large {N}},
	issn = {1126-6708},
	url = {https://doi.org/10.1007/JHEP12(2014)086},
	doi = {10.1007/JHEP12(2014)086},
	number = {12},
	journal = {J. High Energy Phys.},
	author = {Ferrari, Frank and Klevtsov, Semyon},
	year = {2014},
	mrnumber = {3303507},
	pages = {086, front matter+16}
}

@book{boothby_introduction_1986,
	edition = {2},
	series = {Pure and {Applied} {Mathematics}},
	title = {An introduction to differentiable manifolds and {Riemannian} geometry},
	volume = {120},
	isbn = {0-12-116052-1 0-12-116053-X},
	publisher = {Academic Press, Inc., Orlando, FL},
	author = {Boothby, William M.},
	year = {1986},
	mrnumber = {861409}
}

@book{nakahara_geometry_2003,
	edition = {2},
	series = {Graduate {Student} {Series} in {Physics}},
	title = {Geometry, topology and physics},
	isbn = {0-7503-0606-8},
	url = {https://doi.org/10.1201/9781420056945},
	publisher = {Institute of Physics, Bristol},
	author = {Nakahara, Mikio},
	year = {2003},
	mrnumber = {2001829},
	doi = {10.1201/9781420056945}
}

@book{mcduff_introduction_2017,
	edition = {3},
	series = {Oxford {Graduate} {Texts} in {Mathematics}},
	title = {Introduction to symplectic topology},
	isbn = {978-0-19-879490-5 978-0-19-879489-9},
	url = {https://doi.org/10.1093/oso/9780198794899.001.0001},
	publisher = {Oxford University Press, Oxford},
	author = {McDuff, Dusa and Salamon, Dietmar},
	year = {2017},
	mrnumber = {3674984},
	doi = {10.1093/oso/9780198794899.001.0001}
}